   @BOOK{Cook:1928,
        author =    "Cook, William Wallace ",
        title =     "Plotto: A New Method of Plot Suggestion for Writers of Creative Fiction",
        edition =   "1",
        publisher = "Tin House Books",
        address =   "Brooklyn, New York",
        year =      "1928",
        isbn =      "978-1935639183",
        
    }
    
    @BachelorsThesis{Rosaria:2004,
      author =       "Rosaria, Lia  I",
      title =        "A study of plot, character, and setting to convey the theme as seen in hemingway’s the garden of eden",
      howpublished = "online",
      year =         "2004",
      address =      "Yogyakarta, Indonézia",
      school =       "Sanata Dharma University",
      url =          "https://repository.usd.ac.id/28275/2/994214147_Full%5b1%5d.pdf",
      cited =        "2022-30-03"
    }
    
    @Book{Roberts:1987,
        author =        "Edgar V. Roberts and Henry E. Jacobs",
        title =         "Fiction: An Introduction to Reading and Writing",
        edition =       "1",
        publisher =     "Englewood Cliffs: Prentice-Hall, Inc.",
        year =          "1987",
        isbn =          "978-0133192605",
    }
    
    @Misc{ClimaxImage,
      author =          "Kayleeboo821",
      title =           "English: Terms used in Plot",
      howpublished =    "online",
      month=            12,
      year =            "2015",
      url =             "https://commons.wikimedia.org/wiki/File:Intro-Rising_Action-Climax-Falling_Action-Resolution.png",
      cited =           "2022-30-03"
    }
    
    @Book{Tobias:1993,
        author =        "Ronald B. Tobias",
        title =         "20 Master Plots: And How to Build Them",
        edition =       "1",
        publisher =     "Writer's Digest Books",
        month=           9,
        year =          "1993",
        isbn =          "978-1582972398",
    }
    
    @Book{Polti:1921,
        author =        "Georges Polti",
        title =         "The Thirty Six Dramatic Situations",
        edition =       "1",
        year =          "1921",
        isbn =          "978-0871161093",
    }
    
    @Inbook{Zhao:2017,
        author="Zhao, Bo",
        editor="Schintler, Laurie A. and McNeely, Connie L.",
        title="Web Scraping",
        bookTitle="Encyclopedia of Big Data",
        year="2017",
        publisher="Springer International Publishing",
        address="Švajčairsko",
        pages="1--3",
        isbn="978-3319320014",
        doi="10.1007/978-3-319-32001-4\_483-1",
    }

    @Article{Sirisuriya:2015,
        title={A comparative study on web scraping},
        author={Sirisuriya, De S },
        year={2015},
        journal = "8th International Research Conference, KDU",
        pages="135--140",
        school = "General Sir John Kotelawala Defence University",
        edition = "1",
        number = "1",
    }
    
    @Inbook{Liddy:2001,
        author="Elizabeth D. Liddy",
        editor="John D. McDonald and Michael Levine-Clark.",
        title="Natural Language Processing",
        bookTitle="Encyclopedia of Library and Information Sciences",
        year="2001",
        publisher="NY. Marcel Decker, Inc.",
        isbn="978-0824720797",
        edition= "2"
    }
    
    @Book{Herrera:2016,
        author="Francisco Herrera and others",
        title="Multilabel Classification",
        year="2016",
        publisher="Springer International Publishing ",
        isbn="978-3319411101",
        doi=" 10.1007/978-3-319-41111-8",
        address="Švajčairsko",
        edition = "1",
    }
    
    @Article{Li:2021,
        title={A Survey on Text Classification: From Traditional to Deep Learning},
        author={Qian Li and others },
        year={2021},
        month=4,
        journal = "ACM Trans. Intell. Syst. Technol.",
        volume= 37,
        number = 4,
        issn = 21576912,
        publisher = "Association for Computing Machinery",
        address= "USA",
        edition = "1",
    }
    
    @Webpage{Allard:2019,
        author= "Allard, M.",
        secondarytitle= "What is a Transformer?",
        title= "Medium",
        howpublished= "online",
        year= "2019",
        month= "1",
        url = "https://medium.com/inside-machine-learning/what-is-a-transformer-d07dd1fbec04",
        cited = "2022-04-13"
    }
    
    @Inproceedings{Vaswani:2017,
        author = {Vaswani, Ashish and Others},
        booktitle = {Advances in Neural Information Processing Systems},
        editor = {I. Guyon and Others},
        publisher = {Curran Associates, Inc.},
        title = {Attention is All you Need},
        url = {https://proceedings.neurips.cc/paper/2017/hash/3f5ee243547dee91fbd053c1c4a845aa-Abstract.html},
        volume = {30},
        year = {2017},
        isbn = {978-1510860964},
        address = {Red Hook, NY, USA},
        pages = {6000–6010},
        numpages = {11},
    }
    @Article{Tianyang:2021,
        author    = {Tianyang, Lin and Others},
        title     = {A Survey of Transformers},
        journal   = {CoRR},
        volume    = {abs/2106.04554},
        year      = {2021},
        url       = {https://arxiv.org/abs/2106.04554},
        edition = "1",
        number = 1,
    }
    
    @Misc{Devlin:2018,
        author = {Devlin, Jacob and Chang, Ming-Wei and Lee, Kenton and Toutanova, Kristina},
        title = {BERT: Pre-training of Deep Bidirectional Transformers for Language
        Understanding},
        url = {http://arxiv.org/abs/1810.04805},
        year = 2018,
        doi = {10.48550/ARXIV.1810.04805},
        publisher = {arXiv},
    }
    
    @Misc{Sun:2019,
      doi = {10.48550/ARXIV.1905.05583},
      url = {https://arxiv.org/abs/1905.05583},
      author = {Sun, Chi and Qiu, Xipeng and Xu, Yige and Huang, Xuanjing},
      title = {How to Fine-Tune BERT for Text Classification?},
      publisher = {arXiv},
      year = {2019},
    }
    
    @Webpage{Horev:2019,
        author= "Rani Horev",
        secondarytitle= "BERT Explained: State of the art language model for NLP",
        title= "Medium",
        howpublished= "online",
        year= "2018",
        month= "10",
        url = "https://towardsdatascience.com/bert-explained-state-of-the-art-language-model-for-nlp-f8b21a9b6270",
        cited = "2022-04-13"
    }
    
    @Article{Tang:2020,
          author={Tang, Tiancheng and Tang, Xinhuai and Yuan, Tianyi},
          journal={IEEE Access}, 
          title={Fine-Tuning BERT for Multi-Label Sentiment Analysis in Unbalanced Code-Switching Text}, 
          year={2020},
          volume={8},
          number={1},
          pages={193248-193256},
          doi={10.1109/ACCESS.2020.3030468},
          edition = "1",
    }
    
    @Article{Beltagy:2020,
        title={Longformer: The Long-Document Transformer},
        author={Iz Beltagy and Matthew E. Peters and Arman Cohan},
        journal={arXiv:2004.05150},
        year={2020},
        edition = "1",
        number = 1,
        doi = {10.48550/ARXIV.2004.05150},
        url = {https://arxiv.org/abs/2004.05150},
    }
    
    @Article{Dongen:2012,
        author = {Dongen, Stijn and Enright, Anton},
        year = {2012},
        month = {08},
        title = {Metric distances derived from cosine similarity and Pearson and Spearman correlations},
        edition = "1",
        number = 1,
        doi = {10.48550/ARXIV.1208.3145},
        url = {https://arxiv.org/abs/1208.3145},
        journal={arXiv:1208.3145},
    }
    
    @Article{Liu:2019,
        author    = {Yinhan Liu and others},
        title     = {RoBERTa: {A} Robustly Optimized {BERT} Pretraining Approach},
        journal   = {CoRR},
        volume    = {abs/1907.11692},
        year      = {2019},
        url       = {http://arxiv.org/abs/1907.11692},
        edition = "1",
        number = 1,
    }
    
    @misc{Lozano:2020,
        author       = {Lorena Casanova Lozano and
                          Sergio Costa Planells},
        title        = {Best Books Ever Dataset},
        month        = 11,
        year         = 2020,
        publisher    = {Zenodo},
        version      = {1.0.0},
        howpublished = "online",
        doi          = {10.5281/zenodo.4265096},
        url          = {https://doi.org/10.5281/zenodo.4265096}
    }
    
    @misc{Dasgupta:2020,
        author       = {Soumik Ranjan Dasgupta},
        title        = {Goodreads-books},
        howpublished = "online",
        year         = 2019,
        url         = {https://www.kaggle.com/datasets/jealousleopard/goodreadsbooks?resource=download}
    }
    
    @misc{Bamman:2013,
        author       = {David Bamman},
        title        = {CMU Book Summary Dataset},
        howpublished = "online",
        year         = 2013,
        url          = {https://www.cs.cmu.edu/~dbamman/booksummaries.html}
    }
    
    @inproceedings{Wan:2018,
      author    = {Mengting Wan and
                   Julian J. McAuley},
      editor    = {Sole Pera and others},
      title     = {Item recommendation on monotonic behavior chains},
      booktitle = {Proceedings of the 12th {ACM} Conference on Recommender Systems, RecSys
                   2018, Vancouver, BC, Canada, October 2-7, 2018},
      pages     = {86--94},
      publisher = {ACM},
      year      = {2018},
      url       = {https://doi.org/10.1145/3240323.3240369},
      doi       = {10.1145/3240323.3240369},
      isbn      = {978-1450359016},
      
    }   
    
    @inproceedings{Wan:2019,
      author    = {Mengting Wan and others},
      editor    = {Anna Korhonen and others},
      title     = {Fine-Grained Spoiler Detection from Large-Scale Review Corpora},
      booktitle = {Proceedings of the 57th Conference of the Association for Computational
                   Linguistics, {ACL} 2019, Florence, Italy, July 28- August 2, 2019,
                   Volume 1: Long Papers},
      pages     = {2605--2610},
      publisher = {Association for Computational Linguistics},
      year      = {2019},
      url       = {https://doi.org/10.18653/v1/p19-1248},
      doi       = {10.18653/v1/p19-1248},
      isbn      = {978-1950737482},
    }
